@inproceedings{190996,
  author = {Giancarlo Pellegrino and Davide Balzarotti and Stefan Winter and Neeraj Suri},
  title = {In the Compression Hornet{\textquoteright}s Nest: A Security Study of Data Compression in Network Services},
  booktitle = {24th {USENIX} Security Symposium ({USENIX} Security 15)},
  year = {2015},
  isbn = {978-1-931971-232},
  address = {Washington, D.C.},
  pages = {801--816},
  url = {https://www.usenix.org/conference/usenixsecurity15/technical-sessions/presentation/pellegrino},
  publisher = {{USENIX} Association},
}

@article{zlib_tech,
  title = {zlib Technical Details},
  key = {zlib Technical Details},
  month = may,
  year = {2006},
  url = {https://www.zlib.net/zlib_tech.html},
}

@article{42.zip,
  title = {42.zip},
  key = {42.zip},
  url = {https://www.unforgettable.dk/},
}

@article{ellingsen,
  title = {{ZIP} File Quine},
  author = {Erling Ellingsen},
  year = {Before 2005},
  url = {https://web.archive.org/web/20160130230432/http://www.steike.com/code/useless/zip-file-quine/},
}

@article{cox,
  title = {Zip Files All The Way Down},
  author = {Russ Cox},
  month = mar,
  year = 2010,
  url = {https://research.swtch.com/zip},
}

# linked from https://www.reddit.com/r/programming/comments/78ee5/a_zip_file_quine/c05yk3s/
@techreport{SAR-PR-2006-04,
  title = {Self-Replication in {J2ME} {MIDlets}},
  author = {Henryk Plötz and Martin Stigge and Wolf Müller and Jens-Peter Redlich},
  institution = {Humboldt University Berlin},
  number = {SAR-PR-2006-04},
  month = mar,
  year = 2006,
  url = {http://sar.informatik.hu-berlin.de/research/publications/index.htm#SAR-PR-2006-04},
}
